% Encoding: UTF-8
%Buchquellen:
@Book{Seitz2021,
  author   = {Matthias Seitz},
  date     = {2021},
  edition  = {15., aktualisierte und erweiterte Auflage},
  location = {MÃ¼nchen},
  title    = {Speicherprogrammierbare Steuerungen in der Industrie 4.0},
  shorttitle = {2021}
}


%Internetquellen:
@misc{oV2021,
  author = {o.V.},
  year = {2021a}, %eindeutige bezeichenung, beginnend bei 1000
  howpublished = {\url{https://github.com/derdanu/akad-vorlage}},
  note = {Zugriff am 01.12.2021}
}
@Comment{jabref-meta: databaseType:biblatex;}
