% Encoding: UTF-8
%Buchquellen:
@Book{Seitz2021,
  author     = {Matthias Seitz},
  date       = {2021},
  edition    = {15., aktualisierte und erweiterte Auflage},
  location   = {MÃ¼nchen},
  shorttitle = {2021},
  title      = {Speicherprogrammierbare Steuerungen in der Industrie 4.0},
}

%Internetquellen:
@Misc{oV2021a,
  author       = {o.V.},
  howpublished = {\url{https://www.test.de/}},
  note         = {Zugriff am 01.12.2021},
  year         = {2021a},
}

